<record><leader>00000cas a22000007a 4500</leader><controlfield tag="001">14514945</controlfield><controlfield tag="008">861024d19471947paudn ne      0    0eng  </controlfield><datafield ind1=" " ind2=" " tag="010"><subfield code="a">sn 86072060 </subfield></datafield><datafield ind1=" " ind2=" " tag="040"><subfield code="a">DLC</subfield><subfield code="b">eng</subfield><subfield code="c">DLC</subfield><subfield code="d">CRL</subfield><subfield code="d">OCL</subfield><subfield code="d">OCLCQ</subfield><subfield code="d">DLC</subfield><subfield code="d">OCLCQ</subfield><subfield code="d">OCLCA</subfield><subfield code="d">OCLCF</subfield></datafield><datafield ind1="1" ind2=" " tag="029"><subfield code="a">AU@</subfield><subfield code="b">000020452655</subfield></datafield><datafield ind1=" " ind2=" " tag="042"><subfield code="a">msc</subfield></datafield><datafield ind1=" " ind2=" " tag="043"><subfield code="a">n-us-pa</subfield></datafield><datafield ind1="0" ind2="0" tag="050"><subfield code="a">Newspaper</subfield></datafield><datafield ind1="0" ind2=" " tag="130"><subfield code="a">Bulletin (Philadelphia, Pa. : 1947)</subfield></datafield><datafield ind1="1" ind2="4" tag="245"><subfield code="a">The bulletin.</subfield></datafield><datafield ind1="1" ind2="7" tag="246"><subfield code="a">Evening bulletin</subfield><subfield code="f">&lt;Feb. 10, 1947&gt;-Apr. 19, 1947</subfield></datafield><datafield ind1="1" ind2=" " tag="246"><subfield code="i">Sunday issues for &lt;June 1-29, 1947&gt; have title:</subfield><subfield code="a">Sunday bulletin</subfield></datafield><datafield ind1=" " ind2=" " tag="260"><subfield code="a">Philadelphia, Pa. :</subfield><subfield code="b">Bulletin Co.</subfield></datafield><datafield ind1=" " ind2=" " tag="300"><subfield code="a">v. :</subfield><subfield code="b">ill. ;</subfield><subfield code="c">58 cm.</subfield></datafield><datafield ind1=" " ind2=" " tag="310"><subfield code="a">Daily (except Sun.)</subfield></datafield><datafield ind1="1" ind2=" " tag="362"><subfield code="a">Began in Feb. 1947; ceased with Dec. 6, 1947 issue.</subfield></datafield><datafield ind1=" " ind2=" " tag="515"><subfield code="a">Adopts numbering of: Evening bulletin (Philadelphia, Pa.).</subfield></datafield><datafield ind1=" " ind2=" " tag="580"><subfield code="a">Absorption of the Philadelphia record by the Evening bulletin produced this morning edition.</subfield></datafield><datafield ind1=" " ind2=" " tag="588"><subfield code="a">Description based on: 100th year, no. 258 (Feb. 8, 1947).</subfield></datafield><datafield ind1=" " ind2=" " tag="588"><subfield code="a">Latest issue consulted: 101st year, no. 226 (Nov. 24, 1947).</subfield></datafield><datafield ind1=" " ind2="0" tag="651"><subfield code="a">Philadelphia (Pa.)</subfield><subfield code="v">Newspapers.</subfield></datafield><datafield ind1=" " ind2="7" tag="655"><subfield code="a">Newspapers.</subfield><subfield code="2">fast</subfield><subfield code="0">(OCoLC)fst01423814</subfield></datafield><datafield ind1=" " ind2="7" tag="651"><subfield code="a">Pennsylvania</subfield><subfield code="z">Philadelphia.</subfield><subfield code="2">fast</subfield><subfield code="0">(OCoLC)fst01204170</subfield></datafield><datafield ind1=" " ind2=" " tag="752"><subfield code="a">United States</subfield><subfield code="b">Pennsylvania</subfield><subfield code="c">Philadelphia</subfield><subfield code="d">Philadelphia.</subfield></datafield><datafield ind1="1" ind2=" " tag="775"><subfield code="t">Evening bulletin (Philadelphia, Pa.)</subfield><subfield code="w">(DLC)sn 83045220</subfield><subfield code="w">(OCoLC)2260925</subfield></datafield></record>